<?xml version="1.0" encoding="UTF-8"?><collection xmlns="http://www.loc.gov/MARC21/slim"><record><leader>00479nam--2200169-i-4500</leader><controlfield tag="001">000029649</controlfield><controlfield tag="002">20161230</controlfield><controlfield tag="005">20161230201037</controlfield><controlfield tag="008">060222s1000------------r-----000-0-eng-d</controlfield><datafield ind1="1" ind2=" " tag="100"><subfield code="a">Rauzy, G (Ed.)</subfield></datafield><datafield ind1="1" ind2="0" tag="245"><subfield code="a">REPARTITION MODULO 1 Actes du Colloque de Marseille-Luminy 4 au 7 Juin 1974</subfield></datafield><datafield ind1=" " ind2=" " tag="260"><subfield code="a">Berlin, Springer-verlag, 1975</subfield></datafield><datafield ind1=" " ind2=" " tag="300"><subfield code="a">258 p</subfield></datafield><datafield ind1=" " ind2=" " tag="490"><subfield code="a">Lecture Notes In Mathematics</subfield><subfield code="v">Vol. 475</subfield></datafield><datafield ind1=" " ind2=" " tag="700"><subfield code="a">G.Rauzy</subfield></datafield><datafield ind1=" " ind2=" " tag="852"><subfield code="a">45385</subfield></datafield><datafield ind1=" " ind2=" " tag="CAT"><subfield code="a">Sys</subfield><subfield code="c">20080506</subfield><subfield code="h">094658</subfield></datafield></record></collection>